<record><leader>00000cas a2200000 a 4500</leader><controlfield tag="001">60449235</controlfield><controlfield tag="008">050524c20059999waudr ne      0   a0eng c</controlfield><datafield ind1=" " ind2=" " tag="010"><subfield code="a">  2005252479</subfield></datafield><datafield ind1=" " ind2=" " tag="040"><subfield code="a">YEQ</subfield><subfield code="b">eng</subfield><subfield code="c">YEQ</subfield><subfield code="d">WRJ</subfield><subfield code="d">WAU</subfield><subfield code="d">OCLCQ</subfield><subfield code="d">OCLCF</subfield></datafield><datafield ind1=" " ind2=" " tag="022"><subfield code="y">1050-3692</subfield></datafield><datafield ind1="1" ind2=" " tag="029"><subfield code="a">AU@</subfield><subfield code="b">000028332534</subfield></datafield><datafield ind1=" " ind2=" " tag="042"><subfield code="a">pcc</subfield></datafield><datafield ind1=" " ind2=" " tag="043"><subfield code="a">n-us-wa</subfield></datafield><datafield ind1="0" ind2="0" tag="245"><subfield code="a">Kitsap sun.</subfield></datafield><datafield ind1=" " ind2=" " tag="260"><subfield code="a">Bremerton, Wash. :</subfield><subfield code="b">Scripps Howard Newspaper,</subfield><subfield code="c">c2005-</subfield></datafield><datafield ind1=" " ind2=" " tag="300"><subfield code="a">v. :</subfield><subfield code="b">ill. ;</subfield><subfield code="c">58 cm.</subfield></datafield><datafield ind1=" " ind2=" " tag="310"><subfield code="a">Daily</subfield></datafield><datafield ind1="0" ind2=" " tag="362"><subfield code="a">Vol. 84, no. 142 (May 22, 2005)-</subfield></datafield><datafield ind1=" " ind2=" " tag="530"><subfield code="a">Also issued on Internet.</subfield></datafield><datafield ind1=" " ind2="0" tag="651"><subfield code="a">Kitsap County (Wash.)</subfield><subfield code="v">Newspapers.</subfield></datafield><datafield ind1=" " ind2="0" tag="651"><subfield code="a">Bremerton (Wash.)</subfield><subfield code="v">Newspapers.</subfield></datafield><datafield ind1=" " ind2="7" tag="655"><subfield code="a">Newspapers.</subfield><subfield code="2">fast</subfield><subfield code="0">(OCoLC)fst01423814</subfield></datafield><datafield ind1=" " ind2="7" tag="651"><subfield code="a">Washington (State)</subfield><subfield code="z">Bremerton.</subfield><subfield code="2">fast</subfield><subfield code="0">(OCoLC)fst01215424</subfield></datafield><datafield ind1=" " ind2="7" tag="651"><subfield code="a">Washington (State)</subfield><subfield code="z">Kitsap County.</subfield><subfield code="2">fast</subfield><subfield code="0">(OCoLC)fst01215423</subfield></datafield><datafield ind1=" " ind2=" " tag="752"><subfield code="a">United States</subfield><subfield code="b">Washington</subfield><subfield code="c">Kitsap</subfield><subfield code="d">Bremerton.</subfield></datafield><datafield ind1="0" ind2="0" tag="780"><subfield code="t">Sun (Bremerton, Wash.)</subfield><subfield code="x">1050-3692</subfield><subfield code="w">(DLC)sn 87093472</subfield><subfield code="w">(OCoLC)17294017</subfield></datafield><datafield ind1="4" ind2="1" tag="856"><subfield code="u">http://www.thesunlink.com/</subfield><subfield code="z">view online version</subfield></datafield></record>